<record><leader>00000cas a2200000 a 4500</leader><controlfield tag="001">30411599</controlfield><controlfield tag="008">940510d18521868moudn nea     0    0eng c</controlfield><datafield ind1=" " ind2=" " tag="010"><subfield code="a">sn 98065002 </subfield></datafield><datafield ind1=" " ind2=" " tag="040"><subfield code="a">OKC</subfield><subfield code="b">eng</subfield><subfield code="c">OKC</subfield><subfield code="d">NVF</subfield><subfield code="d">CVF</subfield><subfield code="d">OCL</subfield><subfield code="d">OCLCQ</subfield><subfield code="d">OCLCF</subfield><subfield code="d">OCLCO</subfield></datafield><datafield ind1="1" ind2=" " tag="029"><subfield code="a">AU@</subfield><subfield code="b">000025926820</subfield></datafield><datafield ind1=" " ind2=" " tag="042"><subfield code="a">pcc</subfield></datafield><datafield ind1=" " ind2=" " tag="043"><subfield code="a">n-us-mo</subfield><subfield code="a">n-us---</subfield></datafield><datafield ind1="0" ind2=" " tag="130"><subfield code="a">Daily Missouri Democrat (Saint Louis, Mo. : 1852)</subfield></datafield><datafield ind1="1" ind2="4" tag="245"><subfield code="a">The daily Missouri Democrat.</subfield></datafield><datafield ind1="1" ind2="7" tag="246"><subfield code="a">Daily Democrat</subfield></datafield><datafield ind1=" " ind2=" " tag="260"><subfield code="a">Saint Louis, Mo. :</subfield><subfield code="b">Hill &amp; M'Kee,</subfield><subfield code="c">-1868.</subfield></datafield><datafield ind1=" " ind2=" " tag="300"><subfield code="a">v.</subfield></datafield><datafield ind1=" " ind2=" " tag="310"><subfield code="a">Daily (except Sunday)</subfield></datafield><datafield ind1="1" ind2=" " tag="362"><subfield code="a">Began in 1852.</subfield></datafield><datafield ind1="0" ind2=" " tag="362"><subfield code="a">-v. 16, no. 225 (May 9, 1868).</subfield></datafield><datafield ind1=" " ind2=" " tag="588"><subfield code="a">Description based on: Vol. 1, no. 90 (Oct. 13, 1852).</subfield></datafield><datafield ind1=" " ind2=" " tag="533"><subfield code="a">Microfilm.</subfield><subfield code="b">Saint Louis, Missouri,</subfield><subfield code="c">Swank Microfilm Service.</subfield><subfield code="e">microfilm reels; 35 mm.</subfield></datafield><datafield ind1=" " ind2="0" tag="651"><subfield code="a">Saint Louis (Mo.)</subfield><subfield code="v">Newspapers.</subfield></datafield><datafield ind1=" " ind2="0" tag="651"><subfield code="a">United States</subfield><subfield code="x">History</subfield><subfield code="y">Civil War, 1861-1865</subfield><subfield code="v">Sources.</subfield></datafield><datafield ind1=" " ind2="0" tag="651"><subfield code="a">Saint Louis (Mo.)</subfield><subfield code="x">History</subfield><subfield code="y">Civil War, 1861-1865</subfield><subfield code="v">Sources.</subfield></datafield><datafield ind1=" " ind2="7" tag="655"><subfield code="a">History.</subfield><subfield code="2">fast</subfield><subfield code="0">(OCoLC)fst01411628</subfield></datafield><datafield ind1=" " ind2="7" tag="655"><subfield code="a">Newspapers.</subfield><subfield code="2">fast</subfield><subfield code="0">(OCoLC)fst01423814</subfield></datafield><datafield ind1=" " ind2="7" tag="655"><subfield code="a">Sources.</subfield><subfield code="2">fast</subfield><subfield code="0">(OCoLC)fst01423900</subfield></datafield><datafield ind1="2" ind2="7" tag="611"><subfield code="a">American Civil War (1861-1865)</subfield><subfield code="2">fast</subfield><subfield code="0">(OCoLC)fst01351658</subfield></datafield><datafield ind1=" " ind2="7" tag="648"><subfield code="a">1861 - 1865</subfield><subfield code="2">fast</subfield></datafield><datafield ind1=" " ind2="7" tag="651"><subfield code="a">Missouri</subfield><subfield code="z">Saint Louis.</subfield><subfield code="2">fast</subfield><subfield code="0">(OCoLC)fst01204930</subfield></datafield><datafield ind1=" " ind2="7" tag="651"><subfield code="a">United States.</subfield><subfield code="2">fast</subfield><subfield code="0">(OCoLC)fst01204155</subfield></datafield><datafield ind1=" " ind2=" " tag="752"><subfield code="a">United States</subfield><subfield code="b">Missouri</subfield><subfield code="d">Saint Louis.</subfield></datafield><datafield ind1="0" ind2=" " tag="775"><subfield code="t">Weekly Missouri Democrat</subfield><subfield code="w">(DLC)sn 84020212</subfield><subfield code="w">(OCoLC)10476224</subfield></datafield><datafield ind1="0" ind2=" " tag="775"><subfield code="t">Tri-weekly Democrat</subfield><subfield code="w">(DLC)sn 84024258</subfield><subfield code="w">(OCoLC)10978975</subfield></datafield><datafield ind1="0" ind2=" " tag="775"><subfield code="t">Tri-weekly Missouri Democrat (Saint Louis, Mo. : 1862)</subfield><subfield code="w">(DLC)sn 84024259</subfield><subfield code="w">(OCoLC)10979261</subfield></datafield><datafield ind1="0" ind2="0" tag="780"><subfield code="t">St. Louis Democrat (Saint Louis, Mo. : 1844)</subfield><subfield code="w">(DLC)sn 84020152</subfield><subfield code="w">(OCoLC)10422341</subfield></datafield><datafield ind1="0" ind2="0" tag="785"><subfield code="t">Missouri Democrat (Saint Louis, Mo. : Daily)</subfield><subfield code="w">(DLC)sn 84020154</subfield><subfield code="w">(OCoLC)10422524</subfield></datafield></record>